@misc{kaggle-set,
	title={Brain Tumor},
	url={https://www.kaggle.com/dsv/1370629},
	DOI={10.34740/KAGGLE/DSV/1370629},
	publisher={Kaggle},
	author={Jakesh Bohaju},
	year={2020}
}

@article{accurate-detection,
    author = "Ramtekkar, PK; Pandey, A; Pawar, MK",
    title = "Accurate detection of brain tumor using optimized feature selection based on deep learning techniques.",
    journal = "Multimed Tools Appl.",
    year = "2023 Apr 25"
}

%> https://www.sciencedirect.com/topics/engineering/cooccurrence-matrix<br>
%> https://scikit-image.org/docs/0.7.0/api/skimage.feature.texture.html#skimage.feature.texture.greycoprops
%>https://medium.com/atdkatzman_3920/how-to-reduce-the-dimensionality-of-datasets-aee561e647c0
%> https://www.kaggle.com/code/tomehta/elastic-net-with-hyper-param-tuning-using-grid
